<record><leader>00000cas a2200000 a 4500</leader><controlfield tag="001">12150860</controlfield><controlfield tag="008">850613c19399999ksuwr ne      0    0eng d</controlfield><datafield ind1=" " ind2=" " tag="010"><subfield code="a">sn 85031460 </subfield></datafield><datafield ind1=" " ind2=" " tag="040"><subfield code="a">KSH</subfield><subfield code="b">eng</subfield><subfield code="c">KSH</subfield><subfield code="d">NPT</subfield><subfield code="d">OCL</subfield><subfield code="d">OCLCQ</subfield></datafield><datafield ind1=" " ind2=" " tag="042"><subfield code="a">msc</subfield></datafield><datafield ind1="0" ind2=" " tag="130"><subfield code="a">Chetopa advance (Chetopa, Kan. : 1939)</subfield></datafield><datafield ind1="1" ind2="4" tag="245"><subfield code="a">The Chetopa advance.</subfield></datafield><datafield ind1=" " ind2=" " tag="260"><subfield code="a">Chetopa, Kan. :</subfield><subfield code="b">Don Menn,</subfield><subfield code="c">1939-</subfield></datafield><datafield ind1=" " ind2=" " tag="300"><subfield code="a">v. :</subfield><subfield code="b">ill. ;</subfield><subfield code="c">52-61 cm.</subfield></datafield><datafield ind1=" " ind2=" " tag="310"><subfield code="a">Weekly</subfield></datafield><datafield ind1="0" ind2=" " tag="362"><subfield code="a">Vol. 71, no. 1 (Jan. 5, 1939)-</subfield></datafield><datafield ind1=" " ind2=" " tag="500"><subfield code="a">Publisher varies.</subfield></datafield><datafield ind1=" " ind2=" " tag="525"><subfield code="a">Includes supplements.</subfield></datafield><datafield ind1=" " ind2=" " tag="752"><subfield code="a">United States</subfield><subfield code="b">Kansas</subfield><subfield code="c">Labette</subfield><subfield code="d">Chetopa.</subfield></datafield><datafield ind1="0" ind2="0" tag="780"><subfield code="t">Chetopa advance-clipper</subfield><subfield code="w">(DLC)sn 35031459</subfield></datafield></record>